<?xml version="1.0" encoding="UTF-8"?><record xmlns="http://www.loc.gov/MARC21/slim" xmlns:cinclude="http://apache.org/cocoon/include/1.0" xmlns:zs="http://www.loc.gov/zing/srw/">
  <leader>00454cz  a2200157n  4500</leader>
  <controlfield tag="001">no 00081342 </controlfield>
  <controlfield tag="003">DLC</controlfield>
  <controlfield tag="005">20130320083958.0</controlfield>
  <controlfield tag="008">001005n| azannaabn          |a aaa     c</controlfield>
  <datafield tag="010" ind1=" " ind2=" ">
    <subfield code="a">no 00081342 </subfield>
  </datafield>
  <datafield tag="035" ind1=" " ind2=" ">
    <subfield code="a">(OCoLC)oca05327258</subfield>
  </datafield>
  <datafield tag="035" ind1=" " ind2=" ">
    <subfield code="a">(Uk)004215441</subfield>
  </datafield>
  <datafield tag="040" ind1=" " ind2=" ">
    <subfield code="a">NmU</subfield>
    <subfield code="b">eng</subfield>
    <subfield code="e">rda</subfield>
    <subfield code="c">NmU</subfield>
    <subfield code="d">DLC</subfield>
    <subfield code="d">Uk</subfield>
  </datafield>
  <datafield tag="100" ind1="1" ind2=" ">
    <subfield code="a">Aldiss, Brian W.</subfield>
    <subfield code="q">(Brian Wilson),</subfield>
    <subfield code="d">1925-</subfield>
    <subfield code="t">Age</subfield>
  </datafield>
  <datafield tag="400" ind1="1" ind2=" ">
    <subfield code="a">Aldiss, Brian W.</subfield>
    <subfield code="q">(Brian Wilson),</subfield>
    <subfield code="d">1925-</subfield>
    <subfield code="t">Cryptozoic!</subfield>
  </datafield>
  <datafield tag="670" ind1=" " ind2=" ">
    <subfield code="a">Cryptozoic!, c1967</subfield>
  </datafield>
</record>